%% This BibTeX bibliography file was created using BibDesk.
%% https://bibdesk.sourceforge.io/

%% Created for Pablo Casullo at 2025-10-13 21:25:38 -0300 


%% Saved with string encoding Unicode (UTF-8) 

@inproceedings{allspaw2009,
  author    = {John Allspaw and Paul Hammond},
  title     = {10 deployments per day: Dev and ops cooperation at Flickr},
  booktitle = {Proceedings of the 2009 conference on Velocity},
  year      = {2009},
  address   = {Santa Clara, CA},
  publisher = {USENIX Association},
}


@book{inmon1992,
	address = {New York, NY},
	author = {W. H. Inmon},
	publisher = {John Wiley \& Sons},
	title = {Building the Data Warehouse},
	year = {1992}}

@inproceedings{jacobson1986,
	author = {Ivar Jacobson},
	booktitle = {Proceedings of the OOPSLA '87 Conference},
	title = {Object-Oriented Development in an Industrial Environment},
	year = {1987}}

@book{isaca2012,
	address = {Rolling Meadows, IL},
	author = {{ISACA}},
	publisher = {ISACA},
	title = {COBIT 5: A Business Framework for the Governance and Management of Enterprise IT},
	year = {2012}}

@article{davenport2006,
	author = {Thomas H. Davenport},
	journal = {Harvard Business Review},
	number = {1},
	pages = {98--107},
	title = {Competing on analytics},
	volume = {84},
	year = {2006}}

@article{pope1988,
	author = {Glenn E. Krasner and Stephen T. Pope},
	journal = {ParcPlace Systems, Inc.},
	title = {A Description of the Model-View-Controller User Interface Paradigm in the Smalltalk-80 System},
	year = {1988}}

@book{yourdon1979,
	author = {Edward Yourdon and Larry L. Constantine},
	publisher = {Prentice Hall},
	title = {Structured Design: Fundamentals of a Discipline of Computer Program and Systems Design},
	year = {1979}}

@book{erl2005,
	author = {Thomas Erl},
	publisher = {Prentice Hall},
	title = {Service-Oriented Architecture: Concepts, Technology, and Design},
	year = {2005}}

@inproceedings{zave1979,
	author = {Pamela Zave},
	booktitle = {Proceedings of the IEEE Computer Society's Third International Computer Software and Applications Conference (COMPSAC '79)},
	pages = {117--122},
	publisher = {IEEE},
	title = {A comprehensive approach to requirements problems},
	year = {1979}}

@article{yeh1980,
	author = {Raymond T. Yeh and Pamela Zave},
	journal = {Proceedings of the IEEE},
	number = {9},
	pages = {1077--1085},
	title = {Specifying software requirements},
	volume = {68},
	year = {1980}}

@book{fowler2003,
	author = {Martin Fowler},
	publisher = {Addison Wesley},
	title = {Patterns of Enterprise Application Architecture},
	year = {2003}}

@inproceedings{royce1970,
	author = {Winston Royce},
	booktitle = {Proceedings of IEEE WESCON},
	pages = {1--9},
	publisher = {IEEE},
	title = {Managing the Development of Large Software Systems},
	volume = {26},
	year = {1970}}
